@article{Block:2015vk,
    author = {Block, Jonathan and Holstein, Julian V S and Wei, Zhaoting},
    title = {{Explicit homotopy limits of dg-categories and twisted complexes}},
    journal = {arXiv.org},
    year = {2015},
    eprint = {1511.08659v1},
    eprinttype = {arxiv},
    eprintclass = {math.CT},
}

@article{Bondal:1991un,
    author = {Bondal, A I and Kapranov, M M},
    title = {{Enhanced Triangulated Categories}},
    journal = {Math. USSR Sbornik},
    year = {1991},
    volume = {70},
    number = {1},
    pages = {1--15},
}

@article{Brown:1959ia,
author = {Brown, Edgar H},
title = {{Twisted tensor products, I}},
journal = {Annals of Mathematics},
year = {1959},
volume = {69},
number = {1},
pages = {223--246}
}

@article{Faonte:2015vc,
    author = {Faonte, Giovanni},
    title = {{Simplicial nerve of an A-infinity category}},
    journal = {arXiv.org},
    year = {2015},
    eprint = {1312.2127},
    eprinttype = {arxiv},
    eprintclass = {math.AT},
}

@article{Keller:2001tu,
    author = {Keller, Bernhard},
    title = {{Introduction to A-infinity algebras and modules}},
    journal = {arXiv.org},
    year = {2001},
    eprint = {9910179},
    eprinttype = {arxiv},
    eprintclass = {math.RA},
}

@book{Lurie:2016tv,
    author = {Lurie, Jacob},
    title = {{Higher Algebra}},
    year = {2016},
}

@article{Moore:70dh,
    author = {Moore, John C},
    title = {{Differential homological algebra}},
    journal = {Actes du Congres International des Math{\'e}maticiens},
    year = {1970},
    volume = {1},
    pages = {335--339},
}

@article{OBrian:1981vs,
    author = {O'Brian, Nigel R and Toledo, Domingo and Tong, Yue Lin L},
    title = {{The Trace Map and Characteristic Classes for Coherent Sheaves}},
    journal = {American Journal of Mathematics},
    year = {1981},
    volume = {103},
    number = {2},
    pages = {225--252},
}

@article{Stasheff:2009cc,
    author = {Stasheff, Jim},
    title = {{A twisted tale of cochains and connections}},
    journal = {arXiv.org},
    year = {2009},
    eprint = {0902.4396},
    eprinttype = {arxiv},
    eprintclass = {math.AT},
}

@article{Toledo:1976gy,
    author = {Toledo, Domingo and Tong, Yue Lin L},
    title = {{A parametrix for $\partial$ and Riemann-Roch in {\v C}ech theory}},
    journal = {Topology},
    year = {1976},
    volume = {15},
    number = {4},
    pages = {273--301},
}

@article{Toledo:1978tq,
    author = {Toledo, Domingo and Tong, Yue Lin L},
    title = {{Duality and Intersection Theory in Complex Manifolds. I.}},
    journal = {Mathematische Annalen},
    year = {1978},
    volume = {237},
    pages = {41--77},
}

@article{Wei:2016ip,
    author = {Wei, Zhaoting},
    title = {{Twisted complexes on a ringed space as a dg-enhancement of the derived category of perfect complexes}},
    journal = {European Journal of Mathematics},
    year = {2016},
    volume = {2},
    number = {3},
    pages = {716--759},
}

@article{Wei:2016tv,
    author = {Wei, Zhaoting},
    title = {{The descent of twisted perfect complexes on a space with soft structure sheaf}},
    journal = {arXiv.org},
    year = {2016},
    eprint = {1605.07111},
    eprinttype = {arxiv},
    eprintclass = {math.AG},
}

