% !TEX root = under-spec-z.tex

@article{Dwork:1960ul,
author = {Dwork, Bernard},
title = {{On the rationality of the zeta function of an algebraic variety}},
journal = {American Journal of Mathematics},
year = {1960},
volume = {82},
number = {3},
pages = {631--684},
language = {English},
rating = {0},
date-added = {2016-03-01T00:49:40GMT},
date-modified = {2016-03-01T01:11:37GMT}
}

@book{Kapranov:1996vk,
author = {Kapranov, M and Smirnov, A},
title = {{Cohomology determinants and reciprocity laws: number field case}},
publisher = {Unpublished},
year = {1996},
language = {English},
rating = {0},
date-added = {2016-02-29T22:50:08GMT},
date-modified = {2016-03-02T12:51:59GMT},
url = {http://www.neverendingbooks.org/DATA/KapranovSmirnov.pdf}
}

@article{Weil:1940ub,
author = {Weil, Andr{\'e}},
title = {{Sur les fonctions alg{\'e}briques {\`a} corps de constantes fini}},
journal = {Comptes Rendus Hebdomadaires des S{\'e}ances de L'Academie des Sciences},
year = {1940},
volume = {210},
pages = {592--594},
language = {French},
rating = {0},
date-added = {2016-03-01T00:36:41GMT},
date-modified = {2016-03-01T00:41:26GMT},
uri = {\url{papers3://publication/uuid/71322198-51E9-4608-8E75-F85625B1917F}}
}

@article{Soule:2008wq,
author = {Soul{\'e}, Christophe},
title = {{Les vari{\'e}t{\'e}s sur le corps {\`a} un {\'e}l{\'e}ment}},
journal = {arXiv.org},
year = {2008},
eprintclass = {math.AG},
month = feb,
language = {French},
rating = {0},
date-added = {2016-02-29T22:52:15GMT},
date-modified = {2016-03-02T12:52:03GMT},
url = {http://arxiv.org/pdf/math/0304444v1.pdf},
local-url = {file://localhost/Users/Tim/Documents/Library.papers3/Articles/Soul%C3%A9/Soul%C3%A9.pdf},
file = {{Soulé.pdf:/Users/Tim/Documents/Library.papers3/Articles/Soulé/Soulé.pdf:application/pdf}},
uri = {\url{papers3://publication/uuid/9978D386-0BF2-455A-9B72-09FCBD184CB1}}
}

@book{Hakim:XPnOZC1P,
author = {Hakim, Monique},
title = {{Topos annel{\'e}s et sch{\'e}mas relatifs}},
publisher = {Springer-Verlag},
year = {1972},
isbn = {978-3-540-05573-0},
language = {French},
rating = {0},
date-added = {2015-09-09T13:12:00GMT},
date-modified = {2016-02-23T14:53:20GMT},
uri = {\url{papers3://publication/uuid/5CF9CE64-2D4F-466B-B661-B948818913C6}}
}

@article{Deligne:1974vf,
author = {Deligne, Pierre},
title = {{La conjecture de Weil. I}},
journal = {Publications math{\'e}matiques de l'I.H.{\'E}.S.},
year = {1974},
volume = {43},
pages = {273--307},
language = {French},
rating = {0},
date-added = {2016-03-01T00:50:57GMT},
date-modified = {2016-03-01T01:11:37GMT},
uri = {\url{papers3://publication/uuid/4D5E3A88-C433-4BF5-B2F3-D2967E53353B}}
}

@inproceedings{FormuledeLefschetz:1965vd,
author = {Grothendieck, Alexander},
title = {{Formule de Lefschetz et rationalit{\'e} des fonctions L}},
booktitle = {S{\'e}minaire Bourbaki},
year = {1965},
pages = {41--55},
language = {French},
rating = {0},
date-added = {2016-03-01T01:02:12GMT},
date-modified = {2016-03-01T01:11:37GMT},
abstract = {L'acc{\`e}s aux archives du s{\'e}minaire Bourbaki (http://www. bourbaki. ens. fr/) implique l'accord avec les conditions g{\'e}n{\'e}rales d'utilisation (http://www. numdam. org/legal. php). Toute utilisation commerciale ou impression syst{\'e}matique est constitutive d'une infraction ...
},
url = {http://archive.numdam.org/article/SB_1964-1966__9__41_0.pdf},
local-url = {file://localhost/Users/Tim/Documents/Library.papers3/Media/Grothendieck/Grothendieck-1965.pdf},
file = {{Grothendieck-1965.pdf:/Users/Tim/Documents/Library.papers3/Media/Grothendieck/Grothendieck-1965.pdf:application/pdf}},
uri = {\url{papers3://publication/uuid/88DCC541-F09E-42EE-B020-340F025B5736}}
}

@inproceedings{Weil:1941tx,
author = {Weil, Andr{\'e}},
title = {{On the Riemann hypothesis in function-fields}},
booktitle = {Proceedings of the National Academy of Sciences},
year = {1941},
pages = {345--347},
month = jul,
language = {English},
rating = {0},
date-added = {2016-03-01T00:39:37GMT},
date-modified = {2016-03-01T00:41:26GMT},
abstract = {MATHEMATICS: A. WEIL of C are defined as its intersection numbers with a generic rA, with a generic rB'and with A, respectively. Transformation (P, Q)-+(Q, P), which is a birational, one-to-one involution ofr xr into itself, transforms a correspondence C intoa ...
},
local-url = {file://localhost/Users/Tim/Documents/Library.papers3/Articles/Weil/Weil-1941.pdf},
file = {{Weil-1941.pdf:/Users/Tim/Documents/Library.papers3/Articles/Weil/Weil-1941.pdf:application/pdf}},
uri = {\url{papers3://publication/uuid/7B399530-BA68-4E5E-AA2D-06335384E13D}}
}

@webpage{Milne:2012wc,
author = {Milne, James S},
title = {{Basic Theory of Affine Group Schemes}},
year = {2012},
month = mar,
url = {http://www.jmilne.org/math/CourseNotes/AGS.pdf},
language = {English},
rating = {0},
date-added = {2016-01-30T18:01:33GMT},
date-modified = {2016-02-23T15:06:00GMT},
local-url = {file://localhost/Users/Tim/Documents/Library.papers3/Articles/Milne/Milne.pdf},
file = {{Milne.pdf:/Users/Tim/Documents/Library.papers3/Articles/Milne/Milne.pdf:application/pdf}},
uri = {\url{papers3://publication/uuid/84E73C12-7500-43D7-8160-27C467F05845}}
}

@article{Castillo:2010vt,
author = {Castillo, Jesus M.F.},
title = {{The Hitchhiker Guide to Categorical Banach Space Theory. Part I}},
journal = {Extracta Mathematicae},
year = {2010},
volume = {25},
number = {2},
pages = {103--149},
affiliation = {Universidad de Extremadura},
language = {English},
rating = {0},
date-added = {2016-02-27T16:06:08GMT},
date-modified = {2016-02-27T16:11:44GMT},
abstract = {Abstract: What has category theory to offer to Banach spacers? In this survey-like paper we will focus on some of the five basic elements of category theory{\textendash}namely, i) The definition of category, functor and natural transformation; ii) Limits and colimits; iii) Adjoint functors; ...
},
local-url = {file://localhost/Users/Tim/Documents/Library.papers3/Articles/Castillo/Castillo-2010.pdf},
file = {{Castillo-2010.pdf:/Users/Tim/Documents/Library.papers3/Articles/Castillo/Castillo-2010.pdf:application/pdf}},
uri = {\url{papers3://publication/uuid/9AB262FB-25F2-4925-80BA-41CB7D20F32C}}
}

@webpage{Yuan:2012vt,
author = {Yuan, Qiaochu},
title = {{Banach spaces (and Lawvere metrics, and closed categories)}},
year = {2012},
month = jun,
url = {https://qchu.wordpress.com/2012/06/23/banach-spaces-and-lawvere-metrics-and-closed-categories/},
language = {English},
rating = {0},
date-added = {2016-02-22T18:46:51GMT},
date-modified = {2016-02-23T14:47:14GMT},
abstract = {One annoying feature of the abstract theory of vector spaces, and one that often trips up beginners, is that it is not possible to make sense of an infinite sum of vectors in general. If we want to...},
uri = {\url{papers3://publication/uuid/1FA743CB-087A-46CC-8BF4-55CAE65512C5}}
}

@phdthesis{Marty:2009tj,
author = {Marty, Florian},
title = {{Des Ouverts Zariski et des Morphisms Lisses en G{\'e}om{\'e}trie Relative}},
year = {2009},
month = jul,
affiliation = {Universit{\'e} de Toulouse},
language = {French},
rating = {0},
date-added = {2016-01-06T18:58:40GMT},
date-modified = {2016-02-23T14:45:57GMT},
url = {http://thesesups.ups-tlse.fr/540/1/Marty_Florian.pdf},
local-url = {file://localhost/Users/Tim/Documents/Library.papers3/Books/Marty/Marty-2009.pdf},
file = {{Marty-2009.pdf:/Users/Tim/Documents/Library.papers3/Books/Marty/Marty-2009.pdf:application/pdf}},
uri = {\url{papers3://publication/uuid/DEA88F99-B671-4CE4-8C08-C5BEA482FD63}}
}

@webpage{Skoda:2011wq,
author = {{\v{S}}koda, Zoran},
title = {{historical note on Grothendieck topology}},
year = {2011},
month = may,
url = {https://ncatlab.org/nlab/show/historical+note+on+Grothendieck+topology},
language = {English},
rating = {0},
date-added = {2016-01-08T18:37:59GMT},
date-modified = {2016-02-23T14:47:26GMT},
local-url = {file://localhost/Users/Tim/Documents/Library.papers3/Articles/%C5%A0koda/%C5%A0koda-2011.pdf},
file = {{Škoda-2011.pdf:/Users/Tim/Documents/Library.papers3/Articles/Škoda/Škoda-2011.pdf:application/pdf;Škoda-2011.pdf:/Users/Tim/Documents/Library.papers3/Articles/Škoda/Škoda-2011.pdf:application/pdf}},
uri = {\url{papers3://publication/uuid/3979A1A9-54B6-47B6-804E-B762DB2DB663}}
}

@webpage{Anonymous:_jtXUz4d,
author = {{\v{S}}koda, Zoran},
title = {{congruence}},
year = {2009},
month = apr,
url = {https://ncatlab.org/nlab/show/congruence},
language = {English},
rating = {0},
date-added = {2016-02-16T18:11:49GMT},
date-modified = {2016-02-27T16:07:54GMT},
uri = {\url{papers3://publication/uuid/FE3B5753-3E1D-412D-A814-67305BCA1FBA}}
}

@article{Pena:2009vb,
author = {Pe{\~n}a, Javier L{\'o}pez and Lorscheid, Oliver},
title = {{Mapping $\ff_1$-land}},
journal = {arXiv.org},
year = {2009},
eprint = {0903.2024},
eprinttype = {arxiv},
eprintclass = {math.AG},
month = sep,
publisher = {Cambridge University Press},
language = {English},
rating = {0},
date-added = {2016-02-29T22:24:48GMT},
date-modified = {2016-02-29T22:35:15GMT},
url = {http://arxiv.org/pdf/0909.0069v1.pdf},
local-url = {file://localhost/Users/Tim/Documents/Library.papers3/Articles/Pe%C3%B1a/Pe%C3%B1a-2009.pdf},
file = {{Peña-2009.pdf:/Users/Tim/Documents/Library.papers3/Articles/Peña/Peña-2009.pdf:application/pdf;Peña-2009.pdf:/Users/Tim/Documents/Library.papers3/Articles/Peña/Peña-2009.pdf:application/pdf}},
uri = {\url{papers3://publication/uuid/4359E9BC-608F-494B-BA26-86C957D7DA62}}
}

@article{Artin:1924ie,
author = {Artin, Emil},
title = {{Quadratische K{\"o}rper im Gebiete der h{\"o}heren Kongruenzen. II.}},
journal = {Mathematische Zeitschrift},
year = {1924},
volume = {19},
number = {1},
pages = {207--246},
publisher = {Springer-Verlag},
doi = {10.1007/BF01181075},
language = {German},
rating = {0},
date-added = {2016-03-01T00:44:52GMT},
date-modified = {2016-03-01T01:19:52GMT},
local-url = {file://localhost/Users/Tim/Documents/Library.papers3/Articles/Artin/Artin-1924.pdf},
file = {{Artin-1924.pdf:/Users/Tim/Documents/Library.papers3/Articles/Artin/Artin-1924.pdf:application/pdf}},
uri = {\url{papers3://publication/doi/10.1007/BF01181075}}
}

@article{Shulman:2013tx,
author = {Shulman, Michael},
title = {{Enriched Indexed Categories}},
journal = {Theory and Applications of Categories},
year = {2013},
volume = {28},
number = {21},
pages = {616--695},
language = {English},
rating = {0},
date-added = {2016-03-03T21:02:10GMT},
date-modified = {2016-03-03T21:11:56GMT},
local-url = {file://localhost/Users/Tim/Documents/Library.papers3/Articles/Shulman/Shulman.pdf},
file = {{Shulman.pdf:/Users/Tim/Documents/Library.papers3/Articles/Shulman/Shulman.pdf:application/pdf}},
uri = {\url{papers3://publication/uuid/39CAD361-FEC3-4814-BFBA-4E659A1E14BC}}
}

@phdthesis{Cruttwell:2008wl,
author = {Cruttwell, GSH},
title = {{Normed Spaces and the Change of Base for Enriched Categories}},
year = {2008},
month = dec,
affiliation = {Dalhousie University},
language = {English},
rating = {0},
date-added = {2016-02-27T16:09:59GMT},
date-modified = {2016-02-27T16:17:39GMT},
url = {http://www.mta.ca/~gcruttwell/publications/thesis4.pdf},
local-url = {file://localhost/Users/Tim/Documents/Library.papers3/Books/Cruttwell/Cruttwell.pdf},
file = {{Cruttwell.pdf:/Users/Tim/Documents/Library.papers3/Books/Cruttwell/Cruttwell.pdf:application/pdf}},
uri = {\url{papers3://publication/uuid/8C1EA1E1-5C8E-4077-B2E5-F3C67122B06E}}
}

@article{Artin:1923hi,
author = {Artin, Emil},
title = {{{\"U}ber eine neue art von L-Reihen}},
journal = {Abhandlungen aus dem Mathematischen Seminar der Universit{\"a}t Hamburg},
year = {1923},
volume = {3},
number = {1},
pages = {89--108},
publisher = {Springer-Verlag},
doi = {10.1007/BF02954618},
language = {German},
rating = {0},
date-added = {2016-03-01T01:25:05GMT},
date-modified = {2016-03-01T01:26:41GMT},
local-url = {file://localhost/Users/Tim/Documents/Library.papers3/Articles/Artin/Artin-1923.pdf},
file = {{Artin-1923.pdf:/Users/Tim/Documents/Library.papers3/Articles/Artin/Artin-1923.pdf:application/pdf}},
uri = {\url{papers3://publication/doi/10.1007/BF02954618}}
}

@book{Johnstone:2002wb,
author = {Johnstone, Peter Tennant},
title = {{Sketches of an Elephant: A Topos Theory Compendium}},
publisher = {Clarendon Press},
year = {2002},
isbn = {978-0-19-851598-2},
language = {English},
rating = {0},
date-added = {2016-01-08T18:25:33GMT},
date-modified = {2016-02-27T16:07:34GMT},
abstract = {Topos Theory is a subject that stands at the junction of geometry, mathematical logic and theoretical computer science, and it derives much of its power from the interplay of ideas drawn from these different areas. Because of this, an account of topos theory which ...
},
uri = {\url{papers3://publication/uuid/DD57D991-D659-4D68-B32A-E59E0E94D2D4}}
}

@incollection{Weil:1947wd,
author = {Weil, Andr{\'e}},
title = {{L'avenir des math{\'e}matiques}},
booktitle = {Les grands courants de la pens{\'e}e math{\'e}matique},
year = {1947},
editor = {Le Lionnais, Francois},
pages = {307--320},
language = {French},
rating = {0},
date-added = {2016-03-01T00:26:22GMT},
date-modified = {2016-03-01T00:38:21GMT},
uri = {\url{papers3://publication/uuid/A08D5FAC-$\ff_1$47-4FF9-938A-AE61961EEC07}}
}

@phdthesis{Day:ve,
author = {Day, Brian},
title = {{Construction of biclosed categories}},
year = {1970},
affiliation = {University of New South Wales},
language = {English},
rating = {0},
date-added = {2016-02-23T12:15:19GMT},
date-modified = {2016-02-29T22:39:08GMT},
url = {http://maths.mq.edu.au/~street/DayPhD.pdf},
local-url = {file://localhost/Users/Tim/Documents/Library.papers3/Books/Day/Day.pdf},
file = {{Day.pdf:/Users/Tim/Documents/Library.papers3/Books/Day/Day.pdf:application/pdf}},
uri = {\url{papers3://publication/uuid/DC288B84-2136-45EF-86FD-D0440619A256}}
}

@webpage{Anonymous:QU19aScS,
author = {Schreiber, Urs},
title = {{Day convolution}},
year = {2010},
month = may,
url = {https://ncatlab.org/nlab/show/Day+convolution},
language = {English},
rating = {0},
date-added = {2016-02-25T12:26:44GMT},
date-modified = {2016-02-26T17:38:41GMT},
local-url = {file://localhost/Users/Tim/Documents/Library.papers3/Articles/Schreiber/Schreiber.pdf},
file = {{Schreiber.pdf:/Users/Tim/Documents/Library.papers3/Articles/Schreiber/Schreiber.pdf:application/pdf;Schreiber.pdf:/Users/Tim/Documents/Library.papers3/Articles/Schreiber/Schreiber.pdf:application/pdf}},
uri = {\url{papers3://publication/uuid/414D7D69-2712-4815-86D7-37AC65E708CE}}
}

@book{Anonymous:-VM0nEAk,
author = {Cigler, Johann and Losert, Viktor and Michor, Peter},
title = {{Banach modules and functors on categories of Banach spaces}},
publisher = {Marcel Dekker, Inc.},
year = {1979},
isbn = {978-0-8247-6867-6},
language = {English},
rating = {0},
date-added = {2016-02-27T16:01:29GMT},
date-modified = {2016-02-27T16:07:14GMT},
local-url = {file://localhost/Users/Tim/Documents/Library.papers3/Books/Cigler/Cigler.pdf},
file = {{Cigler.pdf:/Users/Tim/Documents/Library.papers3/Books/Cigler/Cigler.pdf:application/pdf}},
uri = {\url{papers3://publication/uuid/F953349C-4024-4446-A279-9B08DC3ED141}}
}

@article{Ponto:2012wl,
author = {Ponto, Kate and Shulman, Michael},
title = {{Duality and traces for indexed monoidal categories}},
journal = {Theory and Applications of Categories},
year = {2012},
volume = {26},
number = {23},
pages = {582--659},
language = {English},
rating = {0},
date-added = {2016-03-03T21:10:43GMT},
date-modified = {2016-03-03T21:11:56GMT},
local-url = {file://localhost/Users/Tim/Documents/Library.papers3/Articles/Ponto/Ponto.pdf},
file = {{Ponto.pdf:/Users/Tim/Documents/Library.papers3/Articles/Ponto/Ponto.pdf:application/pdf}},
uri = {\url{papers3://publication/uuid/8331E940-595B-4AA6-8945-2157A7FCECAC}}
}

@book{Lane:1998fe,
author = {Mac Lane, Saunders},
title = {{Categories for the Working Mathematician}},
publisher = {Springer-Verlag},
year = {1978},
edition = {Second edition},
doi = {10.1234/12345678},
isbn = {978-1-4419-3123-8},
language = {English},
rating = {0},
date-added = {2015-12-24T18:58:42GMT},
date-modified = {2016-03-02T12:52:12GMT},
abstract = {Abstract Categories for the Working Mathematician provides an array of general ideas useful in a wide variety of fields. Starting from the foundations, this book illuminates the concepts of category, functor, natural transformation, and duality. The book then turns to adjoint ... 
},
local-url = {file://localhost/Users/Tim/Documents/Library.papers3/Books/Mac%20Lane/Mac%20Lane-1998.pdf},
file = {{Mac Lane-1998.pdf:/Users/Tim/Documents/Library.papers3/Books/Mac Lane/Mac Lane-1998.pdf:application/pdf;Mac Lane-1998.pdf:/Users/Tim/Documents/Library.papers3/Books/Mac Lane/Mac Lane-1998.pdf:application/pdf}},
uri = {\url{papers3://publication/doi/10.1234/12345678}}
}

@webpage{Anonymous:czsXyaOO,
author = {Mandell, M A and May, J P and Schwede, S and Shipley, B},
title = {{Model Categories of Diagram Spectra}},
year = {1999},
month = dec,
language = {English},
rating = {0},
date-added = {2016-02-24T21:29:51GMT},
date-modified = {2016-02-29T22:29:15GMT},
url = {http://www.math.uchicago.edu/~may/PAPERS/mmssLMSDec30.pdf},
local-url = {file://localhost/Users/Tim/Documents/Library.papers3/Articles/Mandell/Mandell-1999.pdf},
file = {{Mandell-1999.pdf:/Users/Tim/Documents/Library.papers3/Articles/Mandell/Mandell-1999.pdf:application/pdf}},
uri = {\url{papers3://publication/uuid/733B17C9-A38E-4747-80E1-68371410EC15}}
}

@article{Connes:fkN5ADoK,
author = {Connes, Alain and Consani, Caterina},
title = {{Schemes over $\ff_1$ and zeta functions}},
journal = {arXiv.org},
year = {2009},
eprintclass = {math.AG},
month = jul,
language = {English},
rating = {0},
date-added = {2016-02-29T22:29:12GMT},
date-modified = {2016-03-02T12:52:04GMT},
url = {http://arxiv.org/pdf/0903.2024v3.pdf},
local-url = {file://localhost/Users/Tim/Documents/Library.papers3/Articles/Connes/Connes.pdf},
file = {{Connes.pdf:/Users/Tim/Documents/Library.papers3/Articles/Connes/Connes.pdf:application/pdf}},
uri = {\url{papers3://publication/uuid/7E437900-3A0A-4A8C-9277-5807621AE387}}
}

@article{Steinberg:1951vd,
author = {Steinberg, Robert},
title = {{A geometric approach to the representaitons of the full linear group over a Galois field}},
journal = {Transactions of the American Mathematical Society},
year = {1951},
volume = {71},
pages = {274--282},
language = {English},
rating = {0},
date-added = {2016-02-29T23:03:08GMT},
date-modified = {2016-03-02T12:51:59GMT},
local-url = {file://localhost/Users/Tim/Documents/Library.papers3/Articles/Steinberg/Steinberg.pdf},
file = {{Steinberg.pdf:/Users/Tim/Documents/Library.papers3/Articles/Steinberg/Steinberg.pdf:application/pdf}},
uri = {\url{papers3://publication/uuid/D3ACF348-7F53-4282-A69E-C7667032C3D6}}
}

@book{Weil:2009vp,
author = {Weil, Andr{\'e}},
title = {{Oeuvres Scientifiques / Collected Papers: Volume 2 (1951-1964)}},
publisher = {Springer Science {\&} Business Media},
year = {2009},
isbn = {978-3-540-87735-6},
rating = {0},
date-added = {2016-03-01T00:14:09GMT},
date-modified = {2016-03-01T00:16:09GMT},
abstract = {From the reviews:"... All of Weil's works except for books and lecture notes are compiled here, in strict chronological order for easy reference. But the value... goes beyond the convenience of easy reference and accessibility. In the first place, these volumes contain ...
},
uri = {\url{papers3://publication/uuid/F846D5F7-FA24-499D-9AB0-96B71C43B5C5}}
}

@article{Toen:2005er,
author = {To{\"e}n, Bertrand and Vezzosi, Gabriele},
title = {{Homotopical algebraic geometry I}},
journal = {Advances in Mathematics},
year = {2005},
volume = {193},
pages = {257--372},
month = jun,
doi = {10.1016/j.aim.2004.05.004},
language = {English},
rating = {0},
date-added = {2015-08-24T22:56:01GMT},
date-modified = {2016-02-27T16:09:15GMT},
abstract = {This is the first of a series of papers devoted to lay the foundations of Algebraic Geometry in homotopical and higher categorical contexts. In this first part we investigate a notion of higher topos. For this, we use S-categories (ie simplicially enriched categories) as models ... 
},
local-url = {file://localhost/Users/Tim/Documents/Library.papers3/Articles/To%C3%ABn/To%C3%ABn-2005-1.pdf},
file = {{Toën-2005-1.pdf:/Users/Tim/Documents/Library.papers3/Articles/Toën/Toën-2005-1.pdf:application/pdf}},
uri = {\url{papers3://publication/doi/10.1016/j.aim.2004.05.004}}
}

@webpage{Schreiber:2009wl,
author = {Schreiber, Urs},
title = {{Grothendieck topology}},
year = {2009},
month = jan,
url = {https://ncatlab.org/nlab/show/Grothendieck+topology},
language = {English},
rating = {0},
date-added = {2016-01-08T19:53:00GMT},
date-modified = {2016-02-27T16:07:53GMT},
uri = {\url{papers3://publication/uuid/03F2B74C-25E4-4EBB-8CDF-47086E021CA4}}
}

@book{Toen:2008wy,
author = {To{\"e}n, Bertrand and Vezzosi, Gabriele},
title = {{Homotopical Algebraic Geometry II}: Geometric Stacks and Applications},
publisher = {American Mathematical Society},
year = {2008},
isbn = {978-0-8218-4099-3},
language = {English},
rating = {0},
date-added = {2016-02-23T15:07:31GMT},
date-modified = {2016-03-03T20:08:54GMT},
abstract = {This is the second part of a series of papers called``HAG'', devoted to developing the foundations of homotopical algebraic geometry. The authors start by defining and studying generalizations of standard notions of linear algebra in an abstract monoidal model ...
},
uri = {\url{papers3://publication/uuid/B1E23F43-28B5-4E87-962D-F9A5B74C07A6}}
}

@article{Weil:1949tx,
author = {Weil, Andr{\'e}},
title = {{Numbers of solutions of equations in finite fields}},
journal = {Bulletin of the American Mathematical Society},
year = {1949},
volume = {55},
number = {5},
pages = {497--508},
language = {English},
rating = {0},
date-added = {2016-03-01T00:47:09GMT},
date-modified = {2016-03-01T01:11:38GMT},
uri = {\url{papers3://publication/uuid/338362F6-1657-48DE-8428-E04DD1657AC6}}
}

@article{Toen:2005wxa,
author = {To{\"e}n, Bertrand and Vaqui{\'e}, Michel},
title = {{Under Spec Z}},
journal = {arXiv.org},
year = {2005, revised in 2007},
eprint = {math/0509684v4},
eprinttype = {arxiv},
eprintclass = {math.AG},
annote = {45 pages, french. Several mistakes corrected.The central definition of scheme is slightly modified. Section 2.1 is new and contains more details about the fpqc topology},
language = {French},
rating = {0},
date-added = {2015-12-28T20:38:27GMT},
date-modified = {2016-03-03T20:37:39GMT},
abstract = {We use techniques from relative algebraic geometry and homotopical algebraic geometry in order to construct several categories of schemes defined "under Spec Z". We define this way the categories of N-schemes, F_1-schemes, S-schemes, S_+-schemes, and S_1-schemes, where from a very intuitive point of view N is the semi-ring of natural numbers, F_1 is the field with one element, S is the sphere ring spectrum, S_+ is the semi-ring spectrum of natural numbers and S_1 is the ring spectrum with one element. These categories of schemes are related by several base change functors, and they all possess a base change functor to Z-schemes (in the usual sense). Finally, we show how the linear group Gl_n and toric varieties can be defined as objects in certain of these categories.},
url = {http://arxiv.org/abs/math/0509684v4},
local-url = {file://localhost/Users/Tim/Documents/Library.papers3/Articles/To%C3%ABn/To%C3%ABn-2005-3.pdf},
file = {{Toën-2005-3.pdf:/Users/Tim/Documents/Library.papers3/Articles/Toën/Toën-2005-3.pdf:application/pdf}},
uri = {\url{papers3://publication/uuid/EC01F660-10AC-4D7A-86E8-3E4F49FDEC7F}}
}

@webpage{Schreiber:8YBVOVEM,
author = {Schreiber, Urs},
title = {{Grothendieck pretopology}},
year = {2010},
month = may,
url = {https://ncatlab.org/nlab/show/Grothendieck+pretopology},
language = {English},
rating = {0},
date-added = {2016-01-06T01:01:10GMT},
date-modified = {2016-02-25T12:27:28GMT},
uri = {\url{papers3://publication/uuid/$\ff_1$805539-510C-4704-B9F3-94881EAE2B59}}
}

@webpage{Lan:2012tj,
author = {Lan, Kai-Wen},
title = {{French Glossary}},
year = {2012},
month = aug,
url = {http://www.math.umn.edu/~kwlan/documents/french-glossary.pdf},
language = {English, French},
rating = {0},
date-added = {2015-08-24T15:07:53GMT},
date-modified = {2016-02-27T16:07:39GMT},
local-url = {file://localhost/Users/Tim/Documents/Library.papers3/Articles/Lan/Lan-2012.pdf},
file = {{Lan-2012.pdf:/Users/Tim/Documents/Library.papers3/Articles/Lan/Lan-2012.pdf:application/pdf;Lan-2012.pdf:/Users/Tim/Documents/Library.papers3/Articles/Lan/Lan-2012.pdf:application/pdf}},
uri = {\url{papers3://publication/uuid/51C21DA5-402F-43FC-B335-84B30C568676}}
}

@book{MacLane:1992uz,
author = {Moerdijk, Ieke and Mac Lane, Saunders},
title = {{Sheaves in geometry and logic}: A first introduction to topos theory},
publisher = {Springer-Verlag
},
year = {1992},
isbn = {978-0-387-97710-2},
language = {English},
rating = {0},
date-added = {2016-01-24T14:00:58GMT},
date-modified = {2016-02-29T22:34:13GMT},
uri = {\url{papers3://publication/uuid/6ECD2334-73F4-4CBC-8B56-04DC9B97C011}}
}

@book{Borceux:1994ws,
author = {Borceux, Francis},
title = {{Handbook of categorical algebra: Volume 1, Basic Category Theory}},
publisher = {Cambridge University Press},
year = {1994},
month = aug,
isbn = {978-0-521-44178-0},
language = {English},
rating = {0},
date-added = {2016-01-05T22:59:28GMT},
date-modified = {2016-02-27T16:07:24GMT},
uri = {\url{papers3://publication/uuid/D1FA9732-B9DB-4E3F-93EE-DBC296F85137}}
}

@inproceedings{Tits:1957tq,
author = {Tits, Jacques},
title = {{Sur les analogues alg{\'e}briques des groupes semi-simples complexes}},
booktitle = {Colloque d'alg{\`e}bre sup{\'e}rieure, tenu {\`a} Bruxelles du 19 au 22 d{\'e}cembre 1956, Centre Belge de Recherches Math{\'e}matiques {\'E}tablissements Ceuterick, Louvain},
year = {1957},
pages = {261--289},
address = {Paris},
language = {French},
rating = {0},
date-added = {2016-01-25T18:47:25GMT},
date-modified = {2016-02-29T22:13:35GMT},
local-url = {file://localhost/Users/Tim/Documents/Library.papers3/Articles/Tits/Tits-1957.pdf},
file = {{Tits-1957.pdf:/Users/Tim/Documents/Library.papers3/Articles/Tits/Tits-1957.pdf:application/pdf}},
uri = {\url{papers3://publication/uuid/13B424CA-F36D-4C26-BB8B-3A314216F7C8}}
}

@inproceedings{Cohomologieladique:1965uc,
author = {Grothendieck, Alexander},
title = {{Cohomologie l-adique et Fonctions L}},
booktitle = {S{\'e}minaire de G{\'e}om{\'e}trie Alg{\'e}brique du Bois Marie},
year = {1965},
language = {French},
rating = {0},
date-added = {2016-03-01T01:07:42GMT},
date-modified = {2016-03-01T01:11:38GMT},
uri = {\url{papers3://publication/uuid/A34786A6-65C4-45B0-BE8D-DBF61551F775}}
}

